@Misc{Rybicka,
	author = {Rybička Jiří },
	title = {Základy sazby dokumentů v systému LATEX},
	howpublished = {[online]},
	year = {vid. 30.8.2017},
	url = {https://akela.mendelu.cz/~rybicka/zaklady.pdf},
}

@Misc{Strapa,
    author = {Satrapa Pavel },
    title = {LATEX pro pragmatiky},
    howpublished = {[online]},
    year = {[rev. september 2011]},
    url = {http://mirrors.nic.cz/tex-archive/info/czech/latex-pro-pragmatiky/latex-pro-pragmatiky.pdf},
}

@Misc{Valenta,
    author = {Valenta Jií },
    title = {Jak vznikalo písmo},
    howpublished = {[online]},
    url = {https://sik.vse.cz/ss/pismo.pdf},
}

@Book{Beran,
	author = {Beran Vladimír },
    title = {Aktualizovaný typografický manuál},
    edition = {6},
    chapter = {Písmo},
    publisher = {Kafka design},
    year = {2012},
    isbn = {978-80-260-7606-3}
}

@Book{Helmut,
	author = {Helmut. KOPKA and Patrick W. DALY},
	title = {Guide to LaTeX},
	chapter = {Introduction},
	publisher = {Addison-Wesley},
	address = {Boston},
	year = {2004},
	edition = {4},
	ISBN = {03-2117-385-6},
}

@Article{Graphic,
    author = {Baudis Rudolf },
    title = {Stanley Morison},
    journal = {Graphic Magazine},
    volume = {46},
    number = {22},
    year = {2021},
}

@Article{Quark,
    author = {},
    title = {Pomáhajúce písmo},
    journal = {Quark},
    number = {12},
    page = {22\,--\,24},
    year = {2018},
}

@Article{Typography,
    author    = {Hamilton, Ruth },
    title     = {Typography design: Rules and terms every designer must know},
    journal   = {Computer Arts},
    pages     = {60\,--\,63},
    number    = {305},
    year      = {2020},
    publisher = {Future Publishing Ltd},
    location  = "Bath",
}

@MastersThesis{Nova,
    author = {Nová Lucie },
    title = {VOLNÁ TYPOGRAFICKÁ KOMPOZICE},
    school = {Západočeská univerzita v Plzni},
    year = {2018},
    type = {Bakalárska práca},
}

@MastersThesis{Sirucek,
    author = {Sirůček Michal },
    title = {Kouzlo psaného slova},
    school = {Jihočeská univerzita v Českých Budějovicích},
    year = {2012},
    type = {Diplomová práca},
}